%YAML 1.1
%TAG !u! tag:unity3d.com,2011:
--- !u!1001 &100100000
Prefab:
  m_ObjectHideFlags: 1
  serializedVersion: 2
  m_Modification:
    m_TransformParent: {fileID: 0}
    m_Modifications: []
    m_RemovedComponents: []
  m_ParentPrefab: {fileID: 0}
  m_RootGameObject: {fileID: 1388348229232022}
  m_IsPrefabParent: 1
--- !u!1 &1388348229232022
GameObject:
  m_ObjectHideFlags: 0
  m_PrefabParentObject: {fileID: 0}
  m_PrefabInternal: {fileID: 100100000}
  serializedVersion: 5
  m_Component:
  - component: {fileID: 4467049162193724}
  - component: {fileID: 114739097393176890}
  m_Layer: 0
  m_Name: AlienGenGen
  m_TagString: Untagged
  m_Icon: {fileID: 0}
  m_NavMeshLayer: 0
  m_StaticEditorFlags: 0
  m_IsActive: 1
--- !u!1 &1792861767197156
GameObject:
  m_ObjectHideFlags: 0
  m_PrefabParentObject: {fileID: 0}
  m_PrefabInternal: {fileID: 100100000}
  serializedVersion: 5
  m_Component:
  - component: {fileID: 4467073577933774}
  - component: {fileID: 114626570652543758}
  m_Layer: 0
  m_Name: AlienRGenerator
  m_TagString: Untagged
  m_Icon: {fileID: 0}
  m_NavMeshLayer: 0
  m_StaticEditorFlags: 0
  m_IsActive: 0
--- !u!4 &4467049162193724
Transform:
  m_ObjectHideFlags: 1
  m_PrefabParentObject: {fileID: 0}
  m_PrefabInternal: {fileID: 100100000}
  m_GameObject: {fileID: 1388348229232022}
  m_LocalRotation: {x: 0, y: 0, z: 0, w: 1}
  m_LocalPosition: {x: 0, y: 0, z: 0}
  m_LocalScale: {x: 1, y: 1, z: 1}
  m_Children:
  - {fileID: 4467073577933774}
  m_Father: {fileID: 0}
  m_RootOrder: 0
  m_LocalEulerAnglesHint: {x: 0, y: 0, z: 0}
--- !u!4 &4467073577933774
Transform:
  m_ObjectHideFlags: 1
  m_PrefabParentObject: {fileID: 0}
  m_PrefabInternal: {fileID: 100100000}
  m_GameObject: {fileID: 1792861767197156}
  m_LocalRotation: {x: -0, y: -0, z: -0, w: 1}
  m_LocalPosition: {x: 18.2, y: -0.32, z: -0.038847316}
  m_LocalScale: {x: 1, y: 1, z: 1}
  m_Children: []
  m_Father: {fileID: 4467049162193724}
  m_RootOrder: 0
  m_LocalEulerAnglesHint: {x: 0, y: 0, z: 0}
--- !u!114 &114626570652543758
MonoBehaviour:
  m_ObjectHideFlags: 1
  m_PrefabParentObject: {fileID: 0}
  m_PrefabInternal: {fileID: 100100000}
  m_GameObject: {fileID: 1792861767197156}
  m_Enabled: 1
  m_EditorHideFlags: 0
  m_Script: {fileID: 11500000, guid: a63d6606cb7b225409cbbef9a11a8ea3, type: 3}
  m_Name: 
  m_EditorClassIdentifier: 
  frequency: 5
  aliens:
  - {fileID: 1716205442323272, guid: 6a56f8deafa7b2d49add5ce3f4edacf8, type: 2}
  - {fileID: 1716205442323272, guid: 6a56f8deafa7b2d49add5ce3f4edacf8, type: 2}
  - {fileID: 1716205442323272, guid: 6a56f8deafa7b2d49add5ce3f4edacf8, type: 2}
  - {fileID: 1716205442323272, guid: 6a56f8deafa7b2d49add5ce3f4edacf8, type: 2}
  - {fileID: 1716205442323272, guid: 6a56f8deafa7b2d49add5ce3f4edacf8, type: 2}
  - {fileID: 1716205442323272, guid: 6a56f8deafa7b2d49add5ce3f4edacf8, type: 2}
--- !u!114 &114739097393176890
MonoBehaviour:
  m_ObjectHideFlags: 1
  m_PrefabParentObject: {fileID: 0}
  m_PrefabInternal: {fileID: 100100000}
  m_GameObject: {fileID: 1388348229232022}
  m_Enabled: 1
  m_EditorHideFlags: 0
  m_Script: {fileID: 11500000, guid: e175b3ca3f282a242943dbe77cfa99e7, type: 3}
  m_Name: 
  m_EditorClassIdentifier: 
  alienGenerators:
  - generator: {fileID: 114626570652543758}
    waitFor: 1
  - generator: {fileID: 0}
    waitFor: 2
  - generator: {fileID: 0}
    waitFor: 4
